%% This BibTeX bibliography file was created using BibDesk.
%% http://bibdesk.sourceforge.net/


%% Created for Vadim Bulitko at 2016-08-05 18:22:47 -0600 


%% Saved with string encoding Unicode (UTF-8) 

@online{kaggle,
  author = {Kaggle},
  title = {Expedia Hotel Recommendations},
  year = 2016,
  url = {https://www.kaggle.com/c/expedia-hotel-recommendations},
  note = {Accessed: 2017-11-03}
}


@article{nmf1,
	Author = {Yu, Hong and Riedl, Mark O},
	Date-Added = {2016-07-28 15:58:20 +0000},
	Date-Modified = {2016-07-28 15:58:20 +0000},
	Journal = {IEEE Transactions on Computational Intelligence and AI in Games},
	Number = {2},
	Pages = {174--187},
	Publisher = {IEEE},
	Title = {Personalized interactive narratives via sequential recommendation of plot points},
	Volume = {6},
	Year = {2014}}


@incollection{nmfalg,
title = {Algorithms for Non-negative Matrix Factorization},
author = {Daniel D. Lee and Seung, H. Sebastian},
booktitle = {Advances in Neural Information Processing Systems 13},
editor = {T. K. Leen and T. G. Dietterich and V. Tresp},
pages = {556--562},
year = {2001},
publisher = {MIT Press},
url = {http://papers.nips.cc/paper/1861-algorithms-for-non-negative-matrix-factorization.pdf}
}

@techreport{expedia1,
	Author = {Gourav G. Shenoy, Mangirish A. Wagle, Anwar Shaikh},
	institution = {Indiana University},
	Title = {Kaggle Competition: Expedia Hotel Recommendations},
	Year = {2015}}

@INPROCEEDINGS{netflix,
    author = {James Bennett and Stan Lanning and Netflix Netflix},
    title = {The Netflix Prize},
    booktitle = {In KDD Cup and Workshop in conjunction with KDD},
    year = {2007}
}

@MISC{netflix2007,
    author = {Robert M. Bell and Yehuda Koren and Chris Volinsky},
    institution = {AT&T Labs â€“ Research},
    title = {The BellKor solution to the Netflix Prize},
    year = {2007}
}
